@conference{aiaa,
    author  = "Hongyi Xia",
    title   = "Experimental Flow Visualization of Karman Vortex Flow past a Fish-inspired Robot",
	note 	=  "AIAA Region I-MA Student Conference"
    year    = "2013"
}
@unpublished{minirobot,
  author = "Hongyi Xia",
   title = "3D Flow Visualization using Microsoft Kinect",
    note = "Miniature Robotics REU Program Final Presentation University of Maryland College Park",
   month = "August",
    year = "2012" 
}
@unpublished{siemens
  author = "Hongyi Xia",
   title = "Determination of the Effect of Modifying G \beta 5 Expression Levels on Drosophila Oxidative Stress Resistance",
    note = "Placed as semifinalist in the Siemens Competition in Math, Science, and Technology.",
   month = "October",
    year = "2009"
}
